<record xmlns="http://www.loc.gov/MARC21/slim" xmlns:xsi="http://www.w3.org/2001/XMLSchema-instance" xsi:schemaLocation="http://www.loc.gov/MARC21/slim http://www.loc.gov/standards/marcxml/schema/MARC21slim.xsd">

  <leader>02136nam a2200217Ia 4500</leader>
  <datafield tag="999" ind2=" " ind1=" ">
    <subfield code="c">2089</subfield>
    <subfield code="d">2089</subfield>
  </datafield>
  <controlfield tag="008">180828b2008    cr ||||| |||| 00| | spa d</controlfield>
  <datafield ind1=" " ind2=" " tag="090">
    <subfield code="a">13.09.09 </subfield>
    <subfield code="b">1666</subfield>
  </datafield>
  <datafield ind1="1" tag="100" ind2=" ">
    <subfield code="a">Alvarado Calderón, Kathia</subfield>
    <subfield code="9">2020</subfield>
  </datafield>
  <datafield tag="245" ind2="0" ind1="1">
    <subfield code="a">Condiciones laborales y calidad de vida del docente: Un estudio acerca del estrés laboral de los docentes de escuelas públicas del cantón central la provincia de Cartago /</subfield>
    <subfield code="c">Kathia Alvarado Calderón</subfield>
  </datafield>
  <datafield tag="260" ind2=" " ind1=" ">
    <subfield code="a">Costa Rica : </subfield>
    <subfield code="b">INIE, </subfield>
    <subfield code="c">2008</subfield>
  </datafield>
  <datafield tag="300" ind2=" " ind1=" ">
    <subfield code="a">37 páginas</subfield>
  </datafield>
  <datafield ind1=" " ind2=" " tag="500">
    <subfield code="a">Informe final de investigacion 724-A5-053</subfield>
  </datafield>
  <datafield ind2=" " tag="520" ind1=" ">
    <subfield code="a">Se administró un cuestionario de información general, el Maslach Burnout Inventory (MBI) y un cuestionario de estrategias de afrontamiento a una muestra de 131 maestras (os) de escuelas públicas, del cantón central de la provincia de Cartago, 113 son mujeres, 12 varones (6) no responden si eran hombre o mujer. Con el análisis factorial y el análisis de confiabilidad del Crombach se determinó la fiabilidad y la validez de los instrumentos. Los resultados obtenidos indican que el MBI presenta dificultades en cuanto a su confiabilidad, en lo que respecta a la subescala de despersonalización, pero de confiabilidad aceptable para las subescalas de agotamiento emocional y de realización en el trabajo. Para el cuestionario sobre estrategias de afrontamiento del estrés, la prueba general de adecuación de la muestra KMO y los resultados de la prueba de esfericidad de Bartlett (sig. =.000) no fueron aceptables para realizar el análisis de validez. Se recomienda rediseñar dicho instrumento para una futura investigación. Se concluye, el grupo participante no presenta agotamiento emocional en el trabajo, sin embargo, manifiesta indicadores de un proceso de estrés laboral, con dificultades para sobrellevar las demandas propias del trabajo pero que no son consideradas por éstos parte de su actividad profesional.
</subfield>
  </datafield>
  <datafield ind1="1" ind2="4" tag="650">
    <subfield code="a">DOCENTES</subfield>
    <subfield code="9">331</subfield>
  </datafield>
  <datafield ind1="1" tag="650" ind2="4">
    <subfield code="a">CONDICIONES DE TRABAJO</subfield>
    <subfield code="9">778</subfield>
  </datafield>
  <datafield tag="650" ind2="4" ind1="1">
    <subfield code="a">CALIDAD DE LA VIDA</subfield>
    <subfield code="9">3974</subfield>
  </datafield>
  <datafield tag="650" ind2="4" ind1="1">
    <subfield code="a">ESTRÉS LABORAL</subfield>
    <subfield code="9">1811</subfield>
  </datafield>
  <datafield ind1="1" tag="650" ind2="4">
    <subfield code="a">ESCUELAS </subfield>
    <subfield code="9">300</subfield>
  </datafield>
  <datafield ind2="4" tag="650" ind1="1">
    <subfield code="a">EDUCACIÓN PÚBLICA </subfield>
    <subfield code="9">394</subfield>
  </datafield>
  <datafield ind1=" " ind2=" " tag="942">
    <subfield code="2">z</subfield>
    <subfield code="c">04</subfield>
  </datafield>
</record>